@inproceedings{gupta2018social,
  title={Social GAN: Socially Acceptable Trajectories with Generative Adversarial Networks},
  author={Gupta, Agrim and Johnson, Justin and Fei-Fei, Li and Savarese, Silvio and Alahi, Alexandre},
  booktitle={IEEE Conference on Computer Vision and Pattern Recognition (CVPR)},
  number={CONF},
  year={2018}
}

@inproceedings{laura,
author = {Leal-Taixé, Laura and Fenzi, Michele and Kuznetsova, Alina and Rosenhahn, Bodo and Savarese, Silvio},
year = {2014},
month = {06},
pages = {},
title = {Learning an Image-Based Motion Context for Multiple People Tracking},
doi = {10.1109/CVPR.2014.453}
}

@misc{vae,
    title={Auto-Encoding Variational Bayes},
    author={Diederik P Kingma and Max Welling},
    year={2013},
    eprint={1312.6114},
    archivePrefix={arXiv},
    primaryClass={stat.ML}
}

@misc{gan,
    title={Generative Adversarial Networks},
    author={Ian J. Goodfellow and Jean Pouget-Abadie and Mehdi Mirza and Bing Xu and David Warde-Farley and Sherjil Ozair and Aaron Courville and Yoshua Bengio},
    year={2014},
    eprint={1406.2661},
    archivePrefix={arXiv},
    primaryClass={stat.ML}
}

@article{lstm,
author = {Hochreiter, Sepp and Schmidhuber, J\"{u}rgen},
title = {Long Short-Term Memory},
year = {1997},
issue_date = {November 1997},
publisher = {MIT Press},
address = {Cambridge, MA, USA},
volume = {9},
number = {8},
issn = {0899-7667},
url = {https://doi.org/10.1162/neco.1997.9.8.1735},
doi = {10.1162/neco.1997.9.8.1735},
journal = {Neural Comput.},
month = nov,
pages = {1735–1780},
numpages = {46}
}
  
@inproceedings{social_pooling, 
author={A. {Alahi} and K. {Goel} and V. {Ramanathan} and A. {Robicquet} and L. {Fei-Fei} and S. {Savarese}}, 
booktitle={2016 IEEE Conference on Computer Vision and Pattern Recognition (CVPR)}, 
title={Social LSTM: Human Trajectory Prediction in Crowded Spaces}, 
year={2016}, 
volume={}, 
number={}, 
pages={961-971}, 
keywords={behavioural sciences computing;collision avoidance;mobile robots;motion compensation;navigation;pedestrians;recurrent neural nets;social sciences computing;social LSTM;human trajectory prediction;crowded spaces;pedestrians;obstacle avoidance;autonomous vehicle navigation;collision avoidance;recurrent neural network;RNN;hand-crafted functions;motion behaviour;Trajectory;Predictive models;Recurrent neural networks;Videos;Forecasting;Navigation;Atmospheric modeling}, 
doi={10.1109/CVPR.2016.110}, 
ISSN={1063-6919}, 
month={June},}

@inproceedings{desire,
author = {Lee, Namhoon and Choi, Wongun and Vernaza, Paul and Choy, Chris and Torr, Philip and Chandraker, Manmohan},
year = {2017},
month = {07},
pages = {2165-2174},
title = {DESIRE: Distant Future Prediction in Dynamic Scenes with Interacting Agents},
doi = {10.1109/CVPR.2017.233}
}