% Encoding: UTF-8
@book{Kuznetsov:1998:EAB:289919,
 author = {Kuznetsov, Yuri A.},
 title = {Elements of Applied Bifurcation Theory (3RD Ed.)},
 year = {2004},
 isbn = {0-387-98382-1},
 publisher = {Springer-Verlag},
 address = {Berlin, Heidelberg},
}